<record><leader>00000cas a2200000 a 4500</leader><controlfield tag="001">11825949</controlfield><controlfield tag="008">850320d18921893ksuwr ne      0   a0eng d</controlfield><datafield ind1=" " ind2=" " tag="010"><subfield code="a">sn 85029946 </subfield></datafield><datafield ind1=" " ind2=" " tag="040"><subfield code="a">KSH</subfield><subfield code="b">eng</subfield><subfield code="c">KSH</subfield><subfield code="d">NPT</subfield><subfield code="d">OCL</subfield><subfield code="d">OCLCQ</subfield></datafield><datafield ind1=" " ind2=" " tag="042"><subfield code="a">msc</subfield></datafield><datafield ind1="0" ind2="4" tag="245"><subfield code="a">The Esbon leader.</subfield></datafield><datafield ind1=" " ind2=" " tag="260"><subfield code="a">Esbon, Kan. :</subfield><subfield code="b">J.W. Mahaffey,</subfield><subfield code="c">1892-1893.</subfield></datafield><datafield ind1=" " ind2=" " tag="300"><subfield code="a">2 v. :</subfield><subfield code="b">ill. ;</subfield><subfield code="c">55 cm.</subfield></datafield><datafield ind1=" " ind2=" " tag="310"><subfield code="a">Weekly</subfield></datafield><datafield ind1="0" ind2=" " tag="362"><subfield code="a">Vol. 1, no. 1 (June 30, 1892)-v. 2, no. 14 (Sept. 28, 1893).</subfield></datafield><datafield ind1=" " ind2=" " tag="500"><subfield code="a">Published by I.S. Drummond, June 29-Sept. 28, 1893.</subfield></datafield><datafield ind1=" " ind2=" " tag="500"><subfield code="a">"Republican," June 29-Sept. 28, 1893.</subfield></datafield><datafield ind1=" " ind2=" " tag="752"><subfield code="a">United States</subfield><subfield code="b">Kansas</subfield><subfield code="c">Jewell</subfield><subfield code="d">Esbon.</subfield></datafield></record>